<record xmlns='http://www.loc.gov/MARC21/slim'
><leader
  >02371ntm a2200325Ii 4500</leader
  ><controlfield tag='001'
  >991058323701006011</controlfield
  ><controlfield tag='005'
  >20220613141722.0</controlfield
  ><controlfield tag='008'
  >220613q15001599sp            000 0 eng d</controlfield
  ><datafield ind1=' ' ind2=' ' tag='035'
  ><subfield code='a'
    >(OCoLC)1329331161h</subfield
    ></datafield
  ><datafield ind1=' ' ind2=' ' tag='035'
  ><subfield code='a'
    >(OCoLC)on1329331161h</subfield
    ></datafield
  ><datafield ind1=' ' ind2=' ' tag='040'
  ><subfield code='a'
    >HRH</subfield
    ><subfield code='b'
    >eng</subfield
    ><subfield code='e'
    >dcrmmss</subfield
    ><subfield code='c'
    >HRH</subfield
    ></datafield
  ><datafield ind1=' ' ind2=' ' tag='041'
  ><subfield code='a'
    >lat</subfield
    ></datafield
  ><datafield ind1=' ' ind2=' ' tag='049'
  ><subfield code='a'
    >HRHH</subfield
    ></datafield
  ><datafield ind1=' ' ind2='9' tag='099'
  ><subfield code='a'
    >MS 3327, Container 145</subfield
    ></datafield
  ><datafield ind1='0' ind2='0' tag='245'
  ><subfield code='a'
    >Requiem Mass and Office for the dead :</subfield
    ><subfield code='k'
    >manuscript.</subfield
    ></datafield
  ><datafield ind1=' ' ind2='0' tag='264'
  ><subfield code='a'
    >Spain (Toledo) ;</subfield
    ><subfield code='c'
    >mid-16th century</subfield
    ></datafield
  ><datafield ind1=' ' ind2=' ' tag='300'
  ><subfield code='a'
    >95 leaves :</subfield
    ><subfield code='b'
    >parchment, illustrations,</subfield
    ><subfield code='c'
    >59 x 41 cm</subfield
    ></datafield
  ><datafield ind1=' ' ind2=' ' tag='336'
  ><subfield code='a'
    >text</subfield
    ><subfield code='b'
    >txt</subfield
    ><subfield code='2'
    >rdacontent</subfield
    ></datafield
  ><datafield ind1=' ' ind2=' ' tag='337'
  ><subfield code='a'
    >unmediated</subfield
    ><subfield code='b'
    >n</subfield
    ><subfield code='2'
    >rdamedia</subfield
    ></datafield
  ><datafield ind1=' ' ind2=' ' tag='338'
  ><subfield code='a'
    >volume</subfield
    ><subfield code='b'
    >nc</subfield
    ><subfield code='2'
    >rdacarrier</subfield
    ></datafield
  ><datafield ind1=' ' ind2=' ' tag='500'
  ><subfield code='a'
    >Title devised by cataloger.</subfield
    ></datafield
  ><datafield ind1=' ' ind2=' ' tag='500'
  ><subfield code='a'
    >Includes illuminations, decorations, musical notations with 5-line stave layout.</subfield
    ></datafield
  ><datafield ind1=' ' ind2=' ' tag='500'
  ><subfield code='a'
    >Gothic rotunda script</subfield
    ></datafield
  ><datafield ind1=' ' ind2=' ' tag='590'
  ><subfield code='a'
    >MS 3327, Container 145 (Toledo, mid 16th c?): Belonged to Martin J. Cooper. Information folder available. Binding: full tanned dark brown sheepskin embossed with diamond pattern over wood boards. The endcaps are missing. There is a tight back.The back of the text block has what appears to be a patch lining of cloth, with parchment ms waste over it. There is blind tooling on both covers (trefoils) and the spine (circles). There are (brass?) corner pieces and center floral motifs, each with a boss, on both covers, as well as red and green painted motifs on the covering leather, and red and green low paint as well as yellow painted parchment underlying the open areas of the furniture.  Sewing is all along, supported on five double raised cords (8mm dia) of bast fiber that are laced into the boards. Sewing thread is correspondingly heavy bast fiber. Endbands are sewn, bead on the back, over cores of what appears to be the same cord as the sewing supports, in heavy, natural-colored bast fiber. The endbands are laced into the boards and tied down over the spine lining.  The boards are attached to the text block by the sewing supports, the endbands and the pastedowns which hook around the first and final sections and are sewn on. There are no other endleaves.</subfield
    ></datafield
  ><datafield ind1=' ' ind2='7' tag='655'
  ><subfield code='a'
    >Decorated initials.</subfield
    ><subfield code='2'
    >aat</subfield
    ></datafield
  ><datafield ind1=' ' ind2='7' tag='655'
  ><subfield code='a'
    >Illuminated manuscripts.</subfield
    ><subfield code='2'
    >aat</subfield
    ></datafield
  ><datafield ind1='1' ind2=' ' tag='790'
  ><subfield code='a'
    >Cooper, Martin J.,</subfield
    ><subfield code='e'
    >former owner.</subfield
    ></datafield
  ><datafield ind1='2' ind2=' ' tag='791'
  ><subfield code='a'
    >Medieval and Early Modern Manuscripts Collection.</subfield
    ></datafield
  ><datafield ind1=' ' ind2=' ' tag='752'
  ><subfield code='a'
    >Spain,</subfield
    ><subfield code='e'
    >producation place.</subfield
    ></datafield
  ><datafield ind1=' ' ind2=' ' tag='994'
  ><subfield code='a'
    >C0</subfield
    ><subfield code='b'
    >HRH</subfield
    ></datafield
  ></record
>